%%
%% ! Please keep this in alphabetical order by the first author's last name. Thanks. 
%%




@article {BaBoDeFlGaGo02,
    AUTHOR = {Banderier, Cyril and Bousquet-M{\'e}lou, Mireille and Denise,
              Alain and Flajolet, Philippe and Gardy, Dani{\`e}le and
              Gouyou-Beauchamps, Dominique},
     TITLE = {Generating functions for generating trees},
      NOTE = {Formal power series and algebraic combinatorics (Barcelona,
              1999)},
   JOURNAL = {Discrete Math.},
  FJOURNAL = {Discrete Mathematics},
    VOLUME = {246},
      YEAR = {2002},
    NUMBER = {1-3},
     PAGES = {29--55},
      ISSN = {0012-365X},
     CODEN = {DSMHA4},
   MRCLASS = {05A15 (05C05)},
  MRNUMBER = {1884885 (2003c:05008)},
MRREVIEWER = {Mark Curtis Wilson},
       DOI = {10.1016/S0012-365X(01)00250-3},
       URL = {http://dx.doi.org/10.1016/S0012-365X(01)00250-3},
}

@article {Baxter64,
    AUTHOR = {Baxter, Glen},
     TITLE = {On fixed points of the composite of commuting functions},
   JOURNAL = {Proc. Amer. Math. Soc.},
  FJOURNAL = {Proceedings of the American Mathematical Society},
    VOLUME = {15},
      YEAR = {1964},
     PAGES = {851--855},
      ISSN = {0002-9939},
   MRCLASS = {54.85},
  MRNUMBER = {0184217 (32 \#1690)},
MRREVIEWER = {E. Dyer},
}

@article {Baxt01,
    AUTHOR = {Baxter, R. J.},
     TITLE = {Dichromatic polynomials and {P}otts models summed over rooted
              maps},
   JOURNAL = {Ann. Comb.},
  FJOURNAL = {Annals of Combinatorics},
    VOLUME = {5},
      YEAR = {2001},
    NUMBER = {1},
     PAGES = {17--36},
      ISSN = {0218-0006},
   MRCLASS = {05C15 (82B20)},
  MRNUMBER = {1841950 (2002g:05075)},
MRREVIEWER = {E. J. Janse van Rensburg},
       DOI = {10.1007/PL00001290},
       URL = {http://dx.doi.org/10.1007/PL00001290},
}
	

@article {Bere86,
    AUTHOR = {Berele, Allan},
     TITLE = {A {S}chensted-type correspondence for the symplectic group},
   JOURNAL = {J. Combin. Theory Ser. A},
  FJOURNAL = {Journal of Combinatorial Theory. Series A},
    VOLUME = {43},
      YEAR = {1986},
    NUMBER = {2},
     PAGES = {320--328},
      ISSN = {0097-3165},
     CODEN = {JCBTA7},
   MRCLASS = {20C30 (05A17 20F10)},
  MRNUMBER = {867655 (88b:20027)},
MRREVIEWER = {G. E. Murphy},
       DOI = {10.1016/0097-3165(86)90070-1},
       URL = {http://dx.doi.org/10.1016/0097-3165(86)90070-1},
}

@article {Behr08,
    AUTHOR = {Behrend, Roger E.},
     TITLE = {Osculating paths and oscillating tableaux},
   JOURNAL = {Electron. J. Combin.},
  FJOURNAL = {Electronic Journal of Combinatorics},
    VOLUME = {15},
      YEAR = {2008},
    NUMBER = {1},
     PAGES = {Research Paper 7, 60},
      ISSN = {1077-8926},
   MRCLASS = {05A15 (05E10)},
  MRNUMBER = {2368912 (2008j:05015)},
       URL = {http://www.combinatorics.org/Volume_15/Abstracts/v15i1r7.html},
}

@article {BeGa00,
    AUTHOR = {Bergeron, Fran{\c{c}}ois and Gascon, Francis},
     TITLE = {Counting {Y}oung tableaux of bounded height},
   JOURNAL = {J. Integer Seq.},
  FJOURNAL = {Journal of Integer Sequences},
    VOLUME = {3},
      YEAR = {2000},
    NUMBER = {1},
     PAGES = {Article 00.1.7, 1 HTML document},
      ISSN = {1530-7638},
   MRCLASS = {05E10 (05A15)},
  MRNUMBER = {1788170 (2001g:05102)},
}

@article {BeKn72,
    AUTHOR = {Bender, Edward A. and Knuth, Donald E.},
     TITLE = {Enumeration of plane partitions},
   JOURNAL = {J. Combinatorial Theory Ser. A},
  FJOURNAL = {Journal of Combinatorial Theory. Series A},
    VOLUME = {13},
      YEAR = {1972},
     PAGES = {40--54},
   MRCLASS = {10J20 (05A17)},
  MRNUMBER = {0299574 (45 \#8622)},
MRREVIEWER = {M. S. Cheema},
}
	

@article {BoBoFu09,
    AUTHOR = {Bonichon, Nicolas and Bousquet-M{\'e}lou, Mireille and Fusy,
              {\'E}ric},
     TITLE = {Baxter permutations and plane bipolar orientations},
   JOURNAL = {S\'em. Lothar. Combin.},
  FJOURNAL = {S\'eminaire Lotharingien de Combinatoire},
    VOLUME = {61A},
      YEAR = {2009/11},
     PAGES = {Art. B61Ah, 29},
      ISSN = {1286-4889},
   MRCLASS = {05A15 (05A05 05A19 05C30)},
  MRNUMBER = {2734180 (2011m:05023)},
MRREVIEWER = {Timothy Y. Chow},
}

@inproceedings{BoLaSa13,
	Author = {Bostan, Alin and Lairez, Pierre and Salvy, Bruno},
	Booktitle = {Proceedings of the International Symposium on Symbolic and Algebraic Computation (ISSAC)},
	Pages = {93--100},
	Series = {New York, NY, USA. ACM.},
	Title = {Creative telescoping for rational functions using the {G}riffiths-{D}work method},
	Year = {2013}}

@article {BoGu14,
    AUTHOR = {Bouvel, Mathilde and Guibert, Olivier},
     TITLE = {Refined {E}numeration of {P}ermutations {S}orted with {T}wo
              {S}tacks and a {$D_8$}-{S}ymmetry},
   JOURNAL = {Ann. Comb.},
  FJOURNAL = {Annals of Combinatorics},
    VOLUME = {18},
      YEAR = {2014},
    NUMBER = {2},
     PAGES = {199--232},
      ISSN = {0218-0006},
   MRCLASS = {05A05 (05A15)},
  MRNUMBER = {3206150},
       DOI = {10.1007/s00026-014-0219-8},
       URL = {http://dx.doi.org/10.1007/s00026-014-0219-8},
}


@article {Bous11,
    AUTHOR = {Bousquet-M{\'e}lou, Mireille},
     TITLE = {Counting permutations with no long monotone subsequence via generating trees and the kernel method},
   JOURNAL = {J. Alg. Combin.},
  FJOURNAL = {Journal of Algebraic Combinatorics},
    VOLUME = {33},
NUMBER ={4},
      YEAR = {2011},
     PAGES = {571--608},
}

@article {BoXi05,
    AUTHOR = {Bousquet-M{\'e}lou, Mireille and Xin, Guoce},
     TITLE = {On partitions avoiding 3-crossings},
   JOURNAL = {S\'em. Lothar. Combin.},
  FJOURNAL = {S\'eminaire Lotharingien de Combinatoire},
    VOLUME = {54},
      YEAR = {2005/07},
     PAGES = {Art. B54e, 21 pp. (electronic)},
      ISSN = {1286-4889},
   MRCLASS = {05A18 (05A15)},
  MRNUMBER = {MR2196523 (2007b:05021)},
MRREVIEWER = {Marc Noy},
}


@article {Bo81,
    AUTHOR = {Boyce, W. M.},
     TITLE = {Baxter permutations and functional composition},
   JOURNAL = {Houston J. Math.},
  FJOURNAL = {Houston Journal of Mathematics},
    VOLUME = {7},
      YEAR = {1981},
    NUMBER = {2},
     PAGES = {175--189},
      ISSN = {0362-1588},
     CODEN = {HJMADZ},
   MRCLASS = {05A05 (26A99 54H25)},
  MRNUMBER = {638945 (83h:05002)},
MRREVIEWER = {R. L. Graham},
}	


@phdthesis{Burr14,
  author       = {Burrill, Sophie}, 
  title        = {A generating tree approach to k-nonnesting arc diagrams},
  school       = {Simon Fraser University},
  year         = 2014,
  address      = {Burnaby, Canada},
  month        = {July},
  note         = {http://summit.sfu.ca/system/files/iritems1/14390/etd8479\_SBurrill.pdf}
}

@article{Buetal15,
  title={A generating tree approach to k-nonnesting partitions and permutations},
  author={Burrill, Sophie and Elizalde, Sergi and Mishna, Marni and Yen, Lily},
  journal={Annals of Combinatorics},
  note={in press},
  YEAR = {2015},
}



@article {Chetal07,
    AUTHOR = {Chen, William Y. C. and Deng, Eva Y. P. and Du, Rosena R. X.
              and Stanley, Richard P. and Yan, Catherine H.},
     TITLE = {Crossings and nestings of matchings and partitions},
   JOURNAL = {Trans. Amer. Math. Soc.},
  FJOURNAL = {Transactions of the American Mathematical Society},
    VOLUME = {359},
      YEAR = {2007},
    NUMBER = {4},
     PAGES = {1555--1575 (electronic)},
      ISSN = {0002-9947},
     CODEN = {TAMTAM},
   MRCLASS = {05A18 (05A15 05E10)},
  MRNUMBER = {MR2272140 (2007i:05015)},
MRREVIEWER = {Timothy Y. Chow},
}

@article {ChHaRe09,
    AUTHOR = {Chen, William Y. C. and Han, Hillary S. W. and Reidys,
              Christian M.},
     TITLE = {Random {$k$}-noncrossing {RNA} structures},
   JOURNAL = {Proc. Natl. Acad. Sci. USA},
  FJOURNAL = {Proceedings of the National Academy of Sciences of the United
              States of America},
    VOLUME = {106},
      YEAR = {2009},
    NUMBER = {52},
     PAGES = {22061--22066},
      ISSN = {1091-6490},
     CODEN = {PNASFB},
   MRCLASS = {92D10},
  MRNUMBER = {2580803},
       DOI = {10.1073/pnas.0907269106},
       URL = {http://dx.doi.org/10.1073/pnas.0907269106},
}

@article {ChGrHoKl78,
    AUTHOR = {Chung, F. R. K. and Graham, R. L. and Hoggatt, Jr., V. E. and
              Kleiman, M.},
     TITLE = {The number of {B}axter permutations},
   JOURNAL = {J. Combin. Theory Ser. A},
  FJOURNAL = {Journal of Combinatorial Theory. Series A},
    VOLUME = {24},
      YEAR = {1978},
    NUMBER = {3},
     PAGES = {382--394},
      ISSN = {0097-3165},
     CODEN = {JCBTA7},
   MRCLASS = {05A15 (05A05 54H25)},
  MRNUMBER = {491652 (82b:05011)},
MRREVIEWER = {L. H. Harper},
       DOI = {10.1016/0097-3165(78)90068-7},
       URL = {http://dx.doi.org/10.1016/0097-3165(78)90068-7},
}

@article{Chyz94,
  Author = {F. Chyzak},
  Journal = {INRIA Research Report},
  Number = {no. 2371},
  Pages = {61 pages},
  Title = {Holonomic Systems and Automatic Proofs of Identities},
  Year = {1994}}


@article{Chyz00,
	Author = {F. Chyzak},
	Journal = {Discrete Math.},
	Number = {1-3},
	Pages = {115--134},
	Title = {An extension of Zeilberger's fast algorithm to general holonomic functions},
	Volume = {217},
	Year = {2000}}


@inproceedings {DuGu98,
    AUTHOR = {Dulucq, Serge and Guibert, Olivier},
     TITLE = {Baxter permutations},
 BOOKTITLE = {Proceedings of the 7th {C}onference on {F}ormal {P}ower
              {S}eries and {A}lgebraic {C}ombinatorics ({N}oisy-le-{G}rand,
              1995)},
   JOURNAL = {Discrete Math.},
  FJOURNAL = {Discrete Mathematics},
    VOLUME = {180},
      YEAR = {1998},
    NUMBER = {1-3},
     PAGES = {143--156},
      ISSN = {0012-365X},
     CODEN = {DSMHA4},
   MRCLASS = {05A05 (05A10)},
  MRNUMBER = {1603713 (99c:05004)},
MRREVIEWER = {Wayne M. Dymacek},
       DOI = {10.1016/S0012-365X(97)00112-X},
       URL = {http://dx.doi.org/10.1016/S0012-365X(97)00112-X},
}

@article {Eliz11,
   author = {Elizalde, Sergi},
   affiliation = {Department of Mathematics, Dartmouth College, Hanover, NH 03755, USA},
   title = {The {X}-Class and Almost-Increasing Permutations},
   journal = {Annals of Combinatorics},
   publisher = {Birkhauser Basel},
   issn = {0218-0006},
   keyword = {Mathematics and Statistics},
   pages = {51-68},
   volume = {15},
   issue = {1},
   url = {http://dx.doi.org/10.1007/s00026-011-0082-9},
   year = {2011}
}



@article {FeFuNoOr11,
    AUTHOR = {Felsner, Stefan and Fusy, {\'E}ric and Noy, Marc and Orden,
              David},
     TITLE = {Bijections for {B}axter families and related objects},
   JOURNAL = {J. Combin. Theory Ser. A},
  FJOURNAL = {Journal of Combinatorial Theory. Series A},
    VOLUME = {118},
      YEAR = {2011},
    NUMBER = {3},
     PAGES = {993--1020},
      ISSN = {0097-3165},
     CODEN = {JCBTA7},
   MRCLASS = {05A05 (05A15 05A19 05C10 05C30)},
  MRNUMBER = {2763051 (2012f:05016)},
MRREVIEWER = {Paul Klingsberg},
       DOI = {10.1016/j.jcta.2010.03.017},
       URL = {http://dx.doi.org/10.1016/j.jcta.2010.03.017},
}

@incollection {Feie10,
    AUTHOR = {Feierl, Thomas},
     TITLE = {Asymptotics for walks in a {W}eyl chamber of type {$B$}
              (extended abstract)},
 BOOKTITLE = {21st {I}nternational {M}eeting on {P}robabilistic,
              {C}ombinatorial, and {A}symptotic {M}ethods in the {A}nalysis
              of {A}lgorithms ({A}of{A}'10)},
    SERIES = {Discrete Math. Theor. Comput. Sci. Proc., AM},
     PAGES = {175--188},
 PUBLISHER = {Assoc. Discrete Math. Theor. Comput. Sci., Nancy},
      YEAR = {2010},
   MRCLASS = {05C81 (05A15 60C05)},
  MRNUMBER = {2735340 (2012d:05363)},
}
@book {FlSe09,
    AUTHOR = {Flajolet, Philippe and Sedgewick, Robert},
     TITLE = {Analytic combinatorics},
 PUBLISHER = {Cambridge University Press},
   ADDRESS = {Cambridge},
      YEAR = {2009},
     PAGES = {xiv+810},
      ISBN = {978-0-521-89806-5},
   MRCLASS = {05-02 (05A15 05A16 60C05 60E10 82-01)},
  MRNUMBER = {2483235 (2010h:05005)},
       DOI = {10.1017/CBO9780511801655},
       URL = {http://dx.doi.org/10.1017/CBO9780511801655},
}


@proceedings {FPSAC13,
     TITLE = {Proceedings of 25th International Conference
              on Formal Power Series and Algebraic Combinatorics},
 BOOKTITLE = {Proceedings of 25th International Conference
              on Formal Power Series and Algebraic Combinatorics},
      YEAR = {2013},
   ADDRESS = {Paris, France},
       KEY = {FPSAX2013},
}


@article {Gess90,
    AUTHOR = {Gessel, Ira M.},
     TITLE = {Symmetric functions and {P}-recursiveness},
   JOURNAL = {J. Combin. Theory Ser. A},
  FJOURNAL = {Journal of Combinatorial Theory. Series A},
    VOLUME = {53},
      YEAR = {1990},
    NUMBER = {2},
     PAGES = {257--285},
      ISSN = {0097-3165},
     CODEN = {JCBTA7},
   MRCLASS = {05E05 (05A15)},
  MRNUMBER = {1041448 (91c:05190)},
MRREVIEWER = {Dennis White},
       DOI = {10.1016/0097-3165(90)90060-A},
       URL = {http://dx.doi.org/10.1016/0097-3165(90)90060-A},
}
	

@article {Gess93,
    AUTHOR = {Gessel, Ira M.},
     TITLE = {Counting paths in {Y}oung's lattice},
   JOURNAL = {J. Statist. Plann. Inference},
  FJOURNAL = {Journal of Statistical Planning and Inference},
    VOLUME = {34},
      YEAR = {1993},
    NUMBER = {1},
     PAGES = {125--134},
      ISSN = {0378-3758},
     CODEN = {JSPIDN},
   MRCLASS = {05E05 (06A07)},
  MRNUMBER = {1209994 (94g:05098)},
}



@article {GeZe92,
    AUTHOR = {Gessel, Ira M. and Zeilberger, Doron},
     TITLE = {Random walk in a {W}eyl chamber},
   JOURNAL = {Proc. Amer. Math. Soc.},
  FJOURNAL = {Proceedings of the American Mathematical Society},
    VOLUME = {115},
      YEAR = {1992},
    NUMBER = {1},
     PAGES = {27--31},
      ISSN = {0002-9939},
     CODEN = {PAMYAR},
   MRCLASS = {05A15},
  MRNUMBER = {1092920 (92h:05007)},
MRREVIEWER = {Sri Gopal Mohanty},
       DOI = {10.2307/2159560},
       URL = {http://dx.doi.org/10.2307/2159560},
}

@article {Gord71,
    AUTHOR = {Gordon, Basil},
     TITLE = {Notes on plane partitions. {V}},
   JOURNAL = {J. Combinatorial Theory Ser. B},
  FJOURNAL = {Journal of Combinatorial Theory. Series B},
    VOLUME = {11},
      YEAR = {1971},
     PAGES = {157--168},
   MRCLASS = {10.48},
  MRNUMBER = {0280455 (43 \#6175)},
MRREVIEWER = {T. M. Apostol},
}
		
@article {GoHo68,
    AUTHOR = {Gordon, Basil and Houten, Lorne},
     TITLE = {Notes on plane partitions. {I}, {II}},
   JOURNAL = {J. Combinatorial Theory},
    VOLUME = {4},
      YEAR = {1968},
     PAGES = {72--80; 81--99},
   MRCLASS = {05.10},
  MRNUMBER = {0218252 (36 \#1339)},
MRREVIEWER = {T. M. Apostol},
}

@article {Goul92,
    AUTHOR = {Goulden, I. P.},
     TITLE = {A linear operator for symmetric functions and tableaux in a
              strip with given trace},
   JOURNAL = {Discrete Math.},
  FJOURNAL = {Discrete Mathematics},
    VOLUME = {99},
      YEAR = {1992},
    NUMBER = {1-3},
     PAGES = {69--77},
      ISSN = {0012-365X},
     CODEN = {DSMHA4},
   MRCLASS = {05E05 (05E10)},
  MRNUMBER = {1158782 (93f:05100)},
MRREVIEWER = {John R. Stembridge},
       DOI = {10.1016/0012-365X(92)90367-O},
       URL = {http://dx.doi.org/10.1016/0012-365X(92)90367-O},
}

@article {Grabiner95,
    AUTHOR = {Grabiner, David J.},
     TITLE = {A combinatorial correspondence for walks in {W}eyl chambers},
   JOURNAL = {J. Combin. Theory Ser. A},
  FJOURNAL = {Journal of Combinatorial Theory. Series A},
    VOLUME = {71},
      YEAR = {1995},
    NUMBER = {2},
     PAGES = {275--292},
      ISSN = {0097-3165},
     CODEN = {JCBTA7},
   MRCLASS = {05A15 (05A19 05E15)},
  MRNUMBER = {1342450 (96f:05010)},
MRREVIEWER = {Jian-yi Shi},
       DOI = {10.1016/0097-3165(95)90004-7},
       URL = {http://dx.doi.org/10.1016/0097-3165(95)90004-7},
}
		

@article {GrMa93,
    AUTHOR = {Grabiner, David J. and Magyar, Peter},
     TITLE = {Random walks in {W}eyl chambers and the decomposition of
              tensor powers},
   JOURNAL = {J. Algebraic Combin.},
  FJOURNAL = {Journal of Algebraic Combinatorics. An International Journal},
    VOLUME = {2},
      YEAR = {1993},
    NUMBER = {3},
     PAGES = {239--260},
      ISSN = {0925-9899},
     CODEN = {JAOME7},
   MRCLASS = {05E15 (05A15 17B10 22E60)},
  MRNUMBER = {1235279 (94m:05202)},
MRREVIEWER = {Witold Kra{\'s}kiewicz},
       DOI = {10.1023/A:1022499531492},
       URL = {http://dx.doi.org/10.1023/A:1022499531492},
}

@article{Kout10,
	Author = {C. Koutschan},
	Journal = {Math. Comput. Sci.},
	Number = {2-3},
	Pages = {259--266},
	Title = {A fast approach to creative telescoping},
	Volume = {4},
	Year = {2010}}

@article {GuLi00,
    AUTHOR = {Guibert, Olivier and Linusson, Svante},
     TITLE = {Doubly alternating {B}axter permutations are {C}atalan},
      NOTE = {Formal power series and algebraic combinatorics (Vienna,
              1997)},
   JOURNAL = {Discrete Math.},
  FJOURNAL = {Discrete Mathematics},
    VOLUME = {217},
      YEAR = {2000},
    NUMBER = {1-3},
     PAGES = {157--166},
      ISSN = {0012-365X},
     CODEN = {DSMHA4},
   MRCLASS = {05A05 (05A19)},
  MRNUMBER = {1766265 (2001i:05009)},
MRREVIEWER = {Kimmo Eriksson},
       DOI = {10.1016/S0012-365X(99)00261-7},
       URL = {http://dx.doi.org/10.1016/S0012-365X(99)00261-7},
}

@article {Krat06,
    AUTHOR = {Krattenthaler, Christian},
     TITLE = {Growth diagrams, and increasing and decreasing chains in
              fillings of {F}errers shapes},
   JOURNAL = {Adv. in Appl. Math.},
  FJOURNAL = {Advances in Applied Mathematics},
    VOLUME = {37},
      YEAR = {2006},
    NUMBER = {3},
     PAGES = {404--431},
      ISSN = {0196-8858},
   MRCLASS = {05A15 (05A17 05E10)},
  MRNUMBER = {2261181 (2007h:05011)},
MRREVIEWER = {Marni Mishna},
       DOI = {10.1016/j.aam.2005.12.006},
       URL = {http://dx.doi.org/10.1016/j.aam.2005.12.006},
}
	

@unpublished{Krat15,
TITLE={Bijections between oscillating tableaux and (semi)standard tableaux via growth diagrams},
AUTHOR={Krattenthaler, Christian},
YEAR={2014},
NOTE={arXiv:1412.5646 [math.CO]},
}

@article {Kr72,
    AUTHOR = {Kreweras, G.},
     TITLE = {Sur les partitions non crois\'ees d'un cycle},
   JOURNAL = {Discrete Math.},
  FJOURNAL = {Discrete Mathematics},
    VOLUME = {1},
      YEAR = {1972},
    NUMBER = {4},
     PAGES = {333--350},
      ISSN = {0012-365X},
   MRCLASS = {05A17 (06A20)},
  MRNUMBER = {0309747 (46 \#8852)},
MRREVIEWER = {R. J. Wilson},
}


@article {Marb13,
    AUTHOR = {Marberg, Eric},
     TITLE = {Crossings and nestings in colored set partitions},
   JOURNAL = {Electron. J. Combin.},
  FJOURNAL = {Electronic Journal of Combinatorics},
    VOLUME = {20},
      YEAR = {2013},
    NUMBER = {4},
     PAGES = {Paper 6, 30},
      ISSN = {1077-8926},
   MRCLASS = {05A18 (05A16 05A19)},
  MRNUMBER = {3139391},
}

@article{MeMi15,
  title = {Asymptotic lattice path enumeration using diagonals},
  journal={Algorithmica},
year = {2015},
  author = {S. Melczer and M. Mishna},
  note={DOI 10.1007/s00453-015-0063-1}, 
}


@inproceedings{BuMeMi15,
  title = {A {B}axter class of a different kind},
  booktitle = {Proceedings of the 27th International Conference on Formal Power Series and Algebraic Combinatorics, Korea},
  year = {2015},
  author = {Burrill, Sophie and Melczer,Stephen and Mishna, Marni},
  note={}, 
}

@article {Lips88,
    AUTHOR = {Lipshitz, L.},
     TITLE = {The diagonal of a {$D$}-finite power series is {$D$}-finite},
   JOURNAL = {J. Algebra},
  FJOURNAL = {Journal of Algebra},
    VOLUME = {113},
      YEAR = {1988},
    NUMBER = {2},
     PAGES = {373--378},
      ISSN = {0021-8693},
     CODEN = {JALGA4},
   MRCLASS = {13F25},
  MRNUMBER = {929767 (89c:13027)},
MRREVIEWER = {Nica Vasile},
       DOI = {10.1016/0021-8693(88)90166-4},
       URL = {http://dx.doi.org/10.1016/0021-8693(88)90166-4},
}


@article {MiNi04,
    AUTHOR = {Mingo, James A. and Nica, Alexandru},
     TITLE = {Annular noncrossing permutations and partitions, and
              second-order asymptotics for random matrices},
   JOURNAL = {Int. Math. Res. Not.},
  FJOURNAL = {International Mathematics Research Notices},
      YEAR = {2004},
    NUMBER = {28},
     PAGES = {1413--1460},
      ISSN = {1073-7928},
   MRCLASS = {46L54 (05A18 15A52 60F99)},
  MRNUMBER = {MR2052516 (2005a:46138)},
MRREVIEWER = {Dimitri Y. Shlyakhtenko},
}
		


@book {PeWi13,
    AUTHOR = {Pemantle, Robin and Wilson, Mark C.},
     TITLE = {Analytic combinatorics in several variables},
    SERIES = {Cambridge Studies in Advanced Mathematics},
    VOLUME = {140},
 PUBLISHER = {Cambridge University Press, Cambridge},
      YEAR = {2013},
     PAGES = {xiv+380},
      ISBN = {978-1-107-03157-9},
   MRCLASS = {05-01 (05Axx 05Exx)},
  MRNUMBER = {3088495},
MRREVIEWER = {L. Bruce Richmond},
       DOI = {10.1017/CBO9781139381864},
       URL = {http://dx.doi.org/10.1017/CBO9781139381864},
}
	
@book{oeis,
AUTHOR={OEIS Foundation Inc.},
TITLE={The On-Line Encyclopedia of Integer Sequences},
YEAR={2011},
PUBLISHER= {Published electronically at http://oeis.org},
}

@incollection {Schu76,
    AUTHOR = {Sch{\"u}tzenberger, M.-P.},
     TITLE = {La correspondance de {R}obinson},
 BOOKTITLE = {Combinatoire et repr\'esentation du groupe sym\'etrique
              ({A}ctes {T}able {R}onde {CNRS}, {U}niv. {L}ouis-{P}asteur
              {S}trasbourg, {S}trasbourg, 1976)},
     PAGES = {59--113. Lecture Notes in Math., Vol. 579},
 PUBLISHER = {Springer, Berlin},
      YEAR = {1977},
   MRCLASS = {20C30 (05A17)},
  MRNUMBER = {0498826 (58 \#16863)},
MRREVIEWER = {Dominique Foata},
}
	

@article {Simi00,
    AUTHOR = {Simion, Rodica},
     TITLE = {Noncrossing partitions},
      NOTE = {Formal power series and algebraic combinatorics (Vienna,
              1997)},
   JOURNAL = {Discrete Math.},
  FJOURNAL = {Discrete Mathematics},
    VOLUME = {217},
      YEAR = {2000},
    NUMBER = {1-3},
     PAGES = {367--409},
      ISSN = {0012-365X},
     CODEN = {DSMHA4},
   MRCLASS = {05A15 (05A10 05A18 05A30 05E10 46L54 52B05)},
  MRNUMBER = {1766277 (2001g:05011)},
MRREVIEWER = {Christian Krattenthaler},
       DOI = {10.1016/S0012-365X(99)00273-3},
       URL = {http://dx.doi.org/10.1016/S0012-365X(99)00273-3},
}



@article {Stan80,
    AUTHOR = {Stanley, Richard P.},
     TITLE = {Differentiably finite power series},
   JOURNAL = {European J. Combin.},
  FJOURNAL = {European Journal of Combinatorics},
    VOLUME = {1},
      YEAR = {1980},
    NUMBER = {2},
     PAGES = {175--188},
      ISSN = {0195-6698},
   MRCLASS = {05A15},
  MRNUMBER = {587530 (81m:05012)},
MRREVIEWER = {P. N. Rathie},
       DOI = {10.1016/S0195-6698(80)80051-5},
       URL = {http://dx.doi.org/10.1016/S0195-6698(80)80051-5},
}
	
@article {Stem90,
    AUTHOR = {Stembridge, John R.},
     TITLE = {Nonintersecting paths, {P}faffians, and plane partitions},
   JOURNAL = {Adv. Math.},
  FJOURNAL = {Advances in Mathematics},
    VOLUME = {83},
      YEAR = {1990},
    NUMBER = {1},
     PAGES = {96--131},
      ISSN = {0001-8708},
     CODEN = {ADMTA4},
   MRCLASS = {05A15 (05A17 05A19 05E10 11P83)},
  MRNUMBER = {1069389 (91h:05014)},
MRREVIEWER = {S. Milne},
       DOI = {10.1016/0001-8708(90)90070-4},
       URL = {http://dx.doi.org/10.1016/0001-8708(90)90070-4},
}

@incollection {Sund90,
    AUTHOR = {Sundaram, Sheila},
     TITLE = {Tableaux in the representation theory of the classical {L}ie
              groups},
 BOOKTITLE = {Invariant theory and tableaux ({M}inneapolis, {MN}, 1988)},
    SERIES = {IMA Vol. Math. Appl.},
    VOLUME = {19},
     PAGES = {191--225},
 PUBLISHER = {Springer, New York},
      YEAR = {1990},
   MRCLASS = {22E46 (05E10 17B10)},
  MRNUMBER = {1035496 (91e:22022)},
MRREVIEWER = {Ronald C. King},
}

@article {West95,
    AUTHOR = {West, Julian},
     TITLE = {Generating trees and the {C}atalan and {S}chr\"oder numbers},
   JOURNAL = {Discrete Math.},
  FJOURNAL = {Discrete Mathematics},
    VOLUME = {146},
      YEAR = {1995},
    NUMBER = {1-3},
     PAGES = {247--262},
      ISSN = {0012-365X},
     CODEN = {DSMHA4},
   MRCLASS = {05A05 (05A10)},
  MRNUMBER = {1360119 (97h:05010)},
       DOI = {10.1016/0012-365X(94)00067-1},
       URL = {http://dx.doi.org/10.1016/0012-365X(94)00067-1},
}


@article {Xin10,
    AUTHOR = {Xin, Guoce},
     TITLE = {Determinant formulas relating to tableaux of bounded height},
   JOURNAL = {Adv. in Appl. Math.},
  FJOURNAL = {Advances in Applied Mathematics},
    VOLUME = {45},
      YEAR = {2010},
    NUMBER = {2},
     PAGES = {197--211},
      ISSN = {0196-8858},
   MRCLASS = {05A15 (05A18 05D15 05E10)},
  MRNUMBER = {2646122 (2011i:05017)},
MRREVIEWER = {Jian-yi Shi},
       DOI = {10.1016/j.aam.2007.04.007},
       URL = {http://dx.doi.org/10.1016/j.aam.2007.04.007},
}


@article {XiZh09,
    AUTHOR = {Xin, Guoce and Zhang, Terence Y. J.},
     TITLE = {Enumeration of bilaterally symmetric 3-noncrossing partitions},
   JOURNAL = {Discrete Math.},
  FJOURNAL = {Discrete Mathematics},
    VOLUME = {309},
      YEAR = {2009},
    NUMBER = {8},
     PAGES = {2497--2509},
      ISSN = {0012-365X},
     CODEN = {DSMHA4},
   MRCLASS = {05A18},
  MRNUMBER = {2512567 (2010h:05036)},
       DOI = {10.1016/j.disc.2008.06.007},
       URL = {http://dx.doi.org/10.1016/j.disc.2008.06.007},
}

@inproceedings{Yen13FPSAC,
	AUTHOR = {Yen, Lily},
	TITLE     = {Crossings and Nestings for Arc-Coloured Permutations},
	PAGES = {773--784},
	CROSSREF = "FPSAC13"
}

		
